<?xml version="1.0" encoding="UTF-8"?><collection xmlns="http://www.loc.gov/MARC21/slim"><record><leader>00649nam--2200193-i-4500</leader><controlfield tag="001">000012544</controlfield><controlfield tag="002">20161230</controlfield><controlfield tag="005">20161230201029</controlfield><controlfield tag="008">060222s1000------------r-----000-0-rum-d</controlfield><datafield ind1=" " ind2=" " tag="040"><subfield code="a">IFIN-HH</subfield></datafield><datafield ind1=" " ind2=" " tag="041"><subfield code="a">rum</subfield></datafield><datafield ind1=" " ind2=" " tag="080"><subfield code="a">539.126.343:539.17.5(O43)</subfield></datafield><datafield ind1="1" ind2=" " tag="100"><subfield code="a">Baican Bogdan,Branda</subfield></datafield><datafield ind1="1" ind2="0" tag="245"><subfield code="a">Distributia unghiulara si de multiplicitate in interactii pion-nucleu la diferite energii</subfield><subfield code="b">Teza</subfield><subfield code="c">Branda baican bogdan</subfield></datafield><datafield ind1=" " ind2=" " tag="260"><subfield code="a">Bucuresti</subfield><subfield code="b">Institutul Central De Fizica</subfield><subfield code="c">1978</subfield></datafield><datafield ind1=" " ind2=" " tag="300"><subfield code="a">103P.+ 51 FIG</subfield></datafield><datafield ind1=" " ind2=" " tag="502"><subfield code="a">Conducator Stiintific: Prof.Dr. Ioan Ursu, Membru Al Academiei Rsr</subfield></datafield><datafield ind1=" " ind2=" " tag="852"><subfield code="a">45623</subfield><subfield code="c">539.12</subfield></datafield><datafield ind1=" " ind2=" " tag="CAT"><subfield code="a">Sys</subfield><subfield code="c">20111130</subfield><subfield code="h">094942</subfield></datafield></record></collection>